@article{L78,
author={Lucas, {\'E}douard},
  title={Sur les congruences des nombres eul{\'e}riens et des coefficients diff{\'e}rentiels des fonctions trigonom{\'e}triques suivant un module premier},
  journal={Bulletin de la Soci{\'e}t{\'e} math{\'e}matique de France},
  volume={6},
  pages={49--54},
  year={1878}
}

@inproceedings{MJSC16,
 author = {Pierrick M{\'{e}}aux and Anthony Journault and       Fran{\c{c}}ois{-}Xavier Standaert and Claude Carlet},
 title = {Towards Stream Ciphers for Efficient {FHE} with Low-Noise Ciphertexts},
 booktitle = {Advances in Cryptology - {EUROCRYPT} 2016},
 series    = {Lecture Notes in Computer Science},
 volume    = {9665},
 pages     = {311--343},
 publisher = {Springer},
 year      = {2016}
}

@inproceedings{DLR16,
  author    = {S{\'{e}}bastien Duval and Virginie Lallemand and Yann Rotella},
  title     = {Cryptanalysis of the {FLIP} Family of Stream Ciphers},
  booktitle = {Advances in Cryptology - {CRYPTO} 2016},
  series    = {Lecture Notes in Computer Science},
  volume    = {9814},
  pages     = {457--475},
  publisher = {Springer},
  year      = {2016}
}

@article{CMR17,
  author = {Claude Carlet and Pierrick M{\'{e}}aux and Yann Rotella},
  title = {Boolean functions with restricted input and their robustness; application to the {FLIP} cipher},
  journal   = {{IACR} Trans. Symmetric Cryptol.},
  volume    = {2017},
  number    = {3},
  pages     = {192--227},
  year      = {2017}
}

@article{MZD19,
  author    = {Sihem Mesnager and Zhengchun Zhou and Cunsheng Ding},
  title     = {On the nonlinearity of Boolean functions with restricted input},
  journal   = {Cryptography and Communications},
  volume    = {11},
  number    = {1},
  pages     = {63--76},
  year      = {2019},
  publisher={Springer}
}

@article{LM19,
  author    = {Jian Liu and Sihem Mesnager},
  title     = {Weightwise perfectly balanced functions with high weightwise nonlinearity profile},
  journal   = {Designs, Codes and Cryptography},
  volume    = {87},
  number    = {8},
  pages     = {1797--1813},
  year      = {2019},
  publisher={Springer}
}


@article{TL19,
  author       = {Deng Tang and
                  Jian Liu},
  title        = {A family of weightwise (almost) perfectly balanced boolean functions
                  with optimal algebraic immunity},
  journal      = {Cryptogr. Commun.},
  volume       = {11},
  number       = {6},
  pages        = {1185--1197},
  year         = {2019},
  url          = {https://doi.org/10.1007/s12095-019-00374-6},
  doi          = {10.1007/s12095-019-00374-6},
}


@article{MMMRS20,
  author    = {Subhamoy Maitra and Bimal Mandal and Thor Martinsen and Dibyendu Roy and Pantelimon Stanica},
  title     = {Analysis on Boolean Function in a Restricted (Biased) Domain},
  journal   = {{IEEE} Transactions on Information Theory},
  volume    = {66},
  number    = {2},
  pages     = {1219--1231},
  year      = {2020}
}

@article{LS20,
  author    = {Jingjing Li and Sihong Su},
  title     = {Construction of weightwise perfectly balanced Boolean functions with
               high weightwise nonlinearity},
  journal   = {Discrete Applied Mathematics},
  volume    = {279},
  pages     = {218--227},
  year      = {2020}publisher={Elsevier}
}

@article{MS21,
  author    = {Sihem Mesnager and Sihong Su},
  title     = {On constructions of weightwise perfectly balanced Boolean functions},
  journal   = {Cryptography and Communications},
  volume    = {13},
  number    = {6},
  pages     = {951--979},
  year      = {2021},
  publisher={Springer}
}

@article{ZS22,
  author    = {Linya Zhu and Sihong Su},
  title     = {A systematic method of constructing weightwise almost perfectly balanced Boolean functions on an arbitrary number of variables},
  journal   = {Discrete Applied Mathematics},
  volume    = {314},
  pages     = {181--190},
  year      = {2022},
  publisher={Elsevier}
}

@article{GS22,
  author    = {Xiaoqi Guo and Sihong Su},
  title     = {Construction of weightwise almost perfectly balanced Boolean functions
               on an arbitrary number of variables},
  journal   = {Discrete Applied Mathematics},
  volume    = {307},
  pages     = {102--114},
  year      = {2022},
  publisher={Elsevier}
}

@article{MSL21,
  title={On concrete constructions of weightwise perfectly balanced functions with optimal algebraic immunity and high weightwise nonlinearity},
  author={Mesnager, Sihem and Su, Sihong and Li, Jingjing},
  journal={Boolean Functions and Applications},
  year={2021}
}


@articleInfo{ZSu23,
author = {Rui Zhang and Sihong Su},
title = {A new construction of weightwise perfectly balanced Boolean functions},
journal = {Advances in Mathematics of Communications},
volume = {17},number = {4},pages = {757-770},
year = {2023},
issn = {1930-5346},
doi = {10.3934/amc.2021020},
url = {/article/id/04f6b4bd-a7a9-4705-a9e8-e11764f372c2},
keywords = {FLIP, Boolean functions, weightwise perfectly balancedness, algebraic degree, weightwise nonlinearity, algebraic immunity}
}


@article{GM22,
author = {Agnese Gini and Pierrick Méaux},
title = {On the weightwise nonlinearity of weightwise perfectly balanced functions},
journal = {Discrete Applied Mathematics},
volume = {322}, pages = {320-341},
year = {2022},
issn = {0166-218X},
doi = {https://doi.org/10.1016/j.dam.2022.08.017},
url = {https://www.sciencedirect.com/science/article/pii/S0166218X22003262},
keywords = {Cryptology, Boolean functions, FLIP cipher, Weightwise perfect balancedness, Weightwise nonlinearity, Krawtchouk polynomials, Spherically punctured Reed–Muller codes},
}

@book{G72,
author={Gould, H.W.},
 title={Combinatorial Identities: A Standardized Set of Tables Listing 500 Binomial Coefficient Summations},
 lccn={lc73179239},
 url={https://books.google.co.in/books?id=idI-AAAAIAAJ},
 year={1972},
 publisher={Gould}
}


